<?xml version="1.0" encoding="UTF-8"?><collection xmlns="http://www.loc.gov/MARC21/slim"><record><leader>00485nam--2200145-i-4500</leader><controlfield tag="001">000042039</controlfield><controlfield tag="002">20161230</controlfield><controlfield tag="005">20161230201043</controlfield><controlfield tag="008">060222s1000------------r-----000-0-eng-d</controlfield><datafield ind1=" " ind2=" " tag="080"><subfield code="a">549</subfield></datafield><datafield ind1=" " ind2=" " tag="100"><subfield code="a">Snelling,N.J. And Vernon-chamberlain,V.E</subfield></datafield><datafield ind1=" " ind2=" " tag="245"><subfield code="a">Age and isotope studies on the arena granites of s.w.uganda. a comparison of the ages of granites of s.w.uganda ...</subfield></datafield><datafield ind1=" " ind2=" " tag="260"><subfield code="a">Tervuren, Belgique, 1972. 67 P</subfield></datafield><datafield ind1=" " ind2=" " tag="490"><subfield code="a">Annales-serie In-*-science Geologiques-73</subfield></datafield><datafield ind1=" " ind2=" " tag="852"><subfield code="a">38540</subfield></datafield></record></collection>